@book{i386_datasheet,
  author = {{Intel Corporation} and {Intel Corporation Staff}},
  month = {04},
  publisher = {Intel Corporation (CA)},
  title = {386 Programmer's Reference Manual},
  year = {1987}
}

@misc{x86_reference,
  author = {Cloutier, Felix },
  month = {05},
  publisher = {Felix Cloutier},
  title = {x86 and amd64 {Instruction} {Reference}},
  url = {https://www.felixcloutier.com/x86},
  year = {2023},
  organization = {www.felixcloutier.com}
}

@misc{i8259_datasheet,
  author = {Intel {Corporation}},
  month = {12},
  title = {Datasheet: {8259A} {Programmable} {Interrupt} {Controller} ({8259A} {8259A-2})},
  url = {https://pdos.csail.mit.edu/6.828/2010/readings/hardware/8259A.pdf},
  urldate = {2024-03-18},
  year = {1988}
}

@misc{isa_definition,
  author = {Shanthi, A.P.},
  title = {Instruction Set Architecture â€“ Computer Architecture},
  url = {https://www.cs.umd.edu/~meesh/411/CA-online/chapter/instruction-set-architecture/index.html},
  urldate = {2024-04-22},
  organization = {www.cs.umd.edu}
}

@misc{rbil,
  author = {Brown, Ralf et. al},
  month = {07},
  title = {{Ralf} {Brown's} {Interrupt} {List}},
  url = {https://www.cs.cmu.edu/~ralf/files.html},
  urldate = {2024-08-22},
  year = {2000},
  organization = {cmu.edu}
}

@misc{ibmpc_reference,
  author = {{International Business Machines Corporation}},
  month = {08},
  publisher = {International Business Machines Corporation},
  title = {{International Business Machines Personal Computer Technical Reference}},
  year = {1981}
}

@misc{northbridge_definition,
  author = {{PCMag}},
  title = {{Definition} of {Northbridge}},
  url = {https://www.pcmag.com/encyclopedia/term/northbridge},
  urldate = {2024-08-23},
  organization = {PCMag}
}

@book{igcse_textbook,
  author = {Watson, David and Williams, Helen},
  publisher = {Hodder Education},
  title = {{Cambridge IGCSE and O Level Computer Science}},
  year = {2021}
}

@misc{ps2_reference,
  author = {{Altium Limited}},
  month = {02},
  publisher = {Altium Limited},
  title = {{PS2 - PS/2 Controller}},
  url = {https://valhalla.altium.com/Learning-Guides/PS2-PS2_Controller.pdf},
  urldate = {2024-09-17},
  year = {2009}
}
@misc{mikeos,
  author = {Saunders, Mike and Dehling, E and Seyler, Ian and Endler, John and Beck, Joshua and Takachuk, Justin and Horvat, Michel and van Tellingen, Michael and Gonta, Mike and Nemeth, Peter and Valongo, Paulo and Sasano, Takayoshi and Gorol, Tomasz and Clingman, Tslil and Nagel, Walt and Saiko, Yutaka and Dietl, Pete},
  title = {{MikeOS 4.5 - Simple and educational Operating System written by Mike Saunders}},
  url = {https://www.github.com/mig-hub/mikeos},
  urldate = {2024-11-25},
  year = {2023},
  organization = {GitHub}
}
@misc{linux,
	author = {Torvalds, Linus},
	month = {09},
	publisher = {The Linux Foundation},
	title = {Linux 0.01 Source},
	url = {ftp://ftp.kernel.org/pub/linux/kernel/Historic/linux-0.01.tar.gz},
	urldate = {2024-11-27},
	year = {1991},
	organization = {kernel.org}
}
@misc{linux_adoption,
  author = {StatCounter},
  title = {{Operating System Market Share Worldwide}},
  url = {https://gs.statcounter.com/os-market-share},
  year = {2023},
  organization = {StatCounter Global Stats}
}
@misc{osdev-wiki,
  title = {{Expanded Main Page - OSDev Wiki}},
  url = {https://wiki.osdev.org},
  organization = {wiki.osdev.org}
}
@misc{82077a_reference,
  author = {Intel Corporation},
  month = {05},
  title = {82077AA Datasheet},
  url = {https://www.alldatasheet.com/datasheet-pdf/pdf/167793/INTEL/82077AA.html},
  urldate = {2024-11-29},
  year = {1994},
  organization = {Alldatasheet.com}
}
